@misc{express,
  title = {{Express Web Application Framework}},
  howpublished = "\url{https://expressjs.com/}",
  note = "[Online; accessed 15-May-2023]"
}
@misc{mongowebpage,
    author= {{MongoDB}},
    title = {MongoDB Community Server Database},
    howpublished = "\url{https://www.mongodb.com/try/download/community}",
    note = "[Online; accessed 15-May-2024]"
}
@misc{react,
  author= {Facebook},
  title = {React Framework},
  howpublished = "\url{https://react.dev}",
  note = "[Online; accessed 15-May-2024]"
}
@misc{vite,
  author= {Evan You},
  title = {Vite Packager},
  howpublished = "\url{https://vitejs.dev/}",
  note = "[Online; accessed 15-May-2024]"
}
@misc{kissp,
  author= {Wikipedia},
  title = {KISS principle},
  howpublished = "\url{https://en.wikipedia.org/wiki/KISS_principle}",
  note = "[Online; accessed 15-May-2024]"
}
@misc{vscopilot,
  author= {Microsoft},
  title = {{Github Copilot in VSCode}},
  howpublished = "\url{https://code.visualstudio.com/docs/copilot/overview}",
  note = "[Online; accessed 15-May-2024]"
}
@misc{claude,
  author= {Anthropic},
  title = {{Introducing the next generation of Claude}},
  howpublished = "\url{https://www.anthropic.com/news/claude-3-family}",
  note = "[Online; accessed 15-May-2024]"
}
@misc{dockermongo,
    author={the Docker Community},
    title = {Official MongoDB Docker Image},
    howpublished = "\url{https://hub.docker.com/_/mongo/}",
    note ="[Online; accessed 15-May-2024]"
}
@misc{docker,
  author = {Docker},
  title = {{Docker}},
  howpublished = "\url{https://docs.docker.com/}",
  note = "[Online; accessed 15-May-2024]"
}
@misc{vscode,
    author={Microsoft},
    title = {{Visual Studio Code}},
    howpublished = "\url{https://code.visualstudio.com/}",
    note = "[Online; accessed 15-May-2024]"
}
@misc{npm,
  author = {npmInc},
  title = {{node package manager}},
  howpublished = "\url{https://www.npmjs.com/}",
  note = "[Online; accessed 21-November-2023]"
}
@misc{mongodbbug,
  author = {Manoj Pandey},
  title = {{Stack Overflow - Docker - MongoDB 5.0+ requires a CPU with AVX support}},
  howpublished = "\url{https://stackoverflow.com/questions/76126384/mongodb-5-0-requires-a-cpu-with-avx-support-container-failed-to-start}",
  note = "[Online; accessed 15-May-2024]"
}
@misc{impulse,
  author= {Boris Smush},
  title = {{Room Effects - Web Audio API}},
  howpublished = "\url{https://webaudioapi.com/samples/room-effects/}",
  note = "[Online; accessed 26-November-2023]"
}
